@InProceedings{bryce-icaps11,
  author = 	 {Christopher Weber and Daniel Bryce},
  title = 	 {Planning and Acting in Incomplete Domains},
  booktitle = {  Proceedings of ICAPS'11},
  OPTpages = 	 {},
  year = 	 {2011},
  OPTnote = 	 {to appear},
  
}
@inproceedings{DBLP:conf/aaai/OatesC96,
  author    = {Tim Oates and
               Paul R. Cohen},
  title     = {Searching for Planning Operators with Context-Dependent
               and Probabilistic Effects},
  booktitle = {AAAI/IAAI, Vol. 1},
  year      = {1996},
  pages     = {863-868},
  bibsource = {DBLP, http://dblp.uni-trier.de}
}
@inproceedings{DBLP:conf/aaai/Boutilier02,
  author    = {Craig Boutilier},
  title     = {A POMDP Formulation of Preference Elicitation Problems},
  booktitle = {AAAI/IAAI},
  year      = {2002},
  pages     = {239-246},
  bibsource = {DBLP, http://dblp.uni-trier.de}
}
@INPROCEEDINGS{AICPub1812:2011,
  AUTHOR={Gervasio, M. and Yeh, E. and Myers, K.},
  TITLE={Learning to Ask the Right Questions to Help a Learner Learn},
  BOOKTITLE={Proceedings of the IUI'11},
  YEAR={2011}
}
