@article{reiter,
  author    = {Raymond Reiter},
  title     = {A Theory of Diagnosis from First Principles},
  journal   = {Artificial Intelligence},
  volume    = {32},
  number    = {1},
  year      = {1987},
  pages     = {57-95},
  bibsource = {DBLP, http://dblp.uni-trier.de}
}

@article{Roth96,
 author = {Roth,
 D.},
 title = {On the hardness of approximate reasoning},
 journal= {Artificial Intelligence},
 volume= {82},
 number = {1-2},
 pages= {273--302},
 year = {1996},
 month= {Apr},
 comment = {Hardness of Reasoning with Bayesian Networks; Exact inference is #P-Complete; Approximate Reasoning is NP-Hard.},
 url= "http://l2r.cs.uiuc.edu/~danr/Papers/hardJ.pdf" }


@PROCEEDINGS{IPC5,
  title = {5th International Planning Competition},
  year = {2006},
  editor = {A. Gerevini and B. Bonet and R. Givan},
  publisher = {Cumbria, UK.}
}

@article{atms,
  author    = {Johan de Kleer},
  title     = {An Assumption-Based TMS},
  journal   = {Artificial Intelligence},
  volume    = {28},
  number    = {2},
  year      = {1986},
  pages     = {127-162},
  bibsource = {DBLP, http://dblp.uni-trier.de}
}

@article{dekleer,
  author    = {Johan de Kleer and
               Brian C. Williams},
  title     = {Diagnosing Multiple Faults},
  journal   = {Artificial Intelligence},
  volume    = {32},
  number    = {1},
  year      = {1987},
  pages     = {97-130},
  bibsource = {DBLP, http://dblp.uni-trier.de}
}


@INPROCEEDINGS{Garland02,
  author = {Andrew Garland and Neal Lesh},
  title = {Plan evaluation with incomplete action descriptions},
  booktitle = {Proceedings of AAAI'02},
  year = {2002},
  ee = {http://www.aaai.org/Papers/AAAI/2002/AAAI02-070.pdf}
}
@misc{morrison09,
  author = {Clayton Morrison and Daniel Bryce and Ian Fasel and Antons Rebguns},
  title = {Augmenting Instructable Computing with Planning Technology},
  note = {submitted to Knowledge Engineering Review special issue on the Third International Competition for Knowledge Engineering in Planning and Scheduling },
  year = {2009}
}

@proceedings{ickeps09,
 editor    = {Piergiorgio Bertoli and Adi Botea and Simone Fratini},
  title     = {ICKEPS},
  booktitle = {ICKEPS},
  year      = {2009}
}

@ARTICLE{aij-mclug,
  author = {D. Bryce and S. Kambhampati and D.E. Smith},
  title = {Sequential Monte Carlo in Probabilistic Planning Reachability Heuristics},
  journal = {AIJ},
  year = {2008},
  volume = {172(6-7)},
  pages = {685-715}
}

@article{DBLP:journals/jair/Helmert06,
  author    = {Malte Helmert},
  title     = {The Fast Downward Planning System},
  journal   = {JAIR},
  volume    = {26},
  year      = {2006},
  pages     = {191-246},
  ee        = {http://www.jair.org/papers/paper1705.html},
  bibsource = {DBLP, http://dblp.uni-trier.de}
}



@article{DBLP:journals/jair/KaelblingLM96,
  author    = {Leslie Pack Kaelbling and
               Michael L. Littman and
               Andrew P. Moore},
  title     = {Reinforcement Learning: A Survey},
  journal   = {JAIR},
  volume    = {4},
  year      = {1996},
  pages     = {237-285},
  bibsource = {DBLP, http://dblp.uni-trier.de}
}


@inproceedings{DBLP:conf/aips/ChangA06,
  author    = {Allen Chang and
               Eyal Amir},
  title     = {Goal Achievement in Partially Known, Partially Observable
               Domains},
  booktitle = {ICAPS'06},
  year      = {2006}  
}

@proceedings{DBLP:conf/aips/2006,
  editor    = {Derek Long and
               Stephen F. Smith and
               Daniel Borrajo and
               Lee McCluskey},
  title     = {Proceedings of the Sixteenth International Conference on
               Automated Planning and Scheduling, ICAPS 2006, Cumbria,
               UK, June 6-10, 2006},
  booktitle = {ICAPS},
  publisher = {AAAI},
  year      = {2006},
  isbn      = {978-1-57735-270-9},
  bibsource = {DBLP, http://dblp.uni-trier.de}
}


@INPROCEEDINGS{pff,
  author = {C. Domshlak and J. Hoffmann},
  title = {Fast Probabilistic Planning Through Weighted Model Counting},
  booktitle = {Proceedings of ICAPS'06},
  year = {2006},
  pages = {243-251}
}

@ARTICLE{hoffmann:nebel:jair-01,
  author = {J. Hoffmann and B. Nebel},
  title = {The {FF} Planning System: Fast Plan Generation Through Heuristic
	Search},
  journal = {JAIR},
  year = {2001},
  volume = {14},
  pages = {253-302}
}
@INPROCEEDINGS{modellite,
  author = {S. Kambhampati},
  title = {Model-lite Planning for the Web Age Masses},
  booktitle = {Proceedings of AAAI'07},
  year = {2007}
}

@inproceedings{interaction,
author = "Daniel Bryce and David E. Smith",
title = "Using Interaction to Compute Better Probability Estimates in Plan Graphs", 
booktitle = "ICAPS 2006 Workshop on Planning Under Uncertainty and Execution Control for Autonomous Systems",
year = "2006"
}
@INPROCEEDINGS{peot92conditional,
  author = {Peot, M. and Smith, D.},
  title = {Conditional nonlinear planning},
  booktitle = {Proceedings of AIPS'92},
  year = {1992},
  pages = {189--197}
  }

@INPROCEEDINGS{bonet00planning,
  author = {B. Bonet and H. Geffner},
  title = {Planning with Incomplete Information as Heuristic Search in Belief
	Space},
  booktitle = {Proceedings of AIPS'00},
  year = {2000},
  key = {Bonet}
}

@INPROCEEDINGS{bertoli01planning,
  author = {P. Bertoli and A. Cimatti and M. Roveri and P. Traverso},
  title = {Planning in Nondeterministic Domains under Partial Observability
	via Symbolic Model Checking},
  booktitle = {{Proceedings of IJCAI'01}},
  year = {2001},
  key = {Bertoli2}
}

@INPROCEEDINGS{mable,
  author = {R. Mailler and D. Bryce and J. Shen and C. Orielly},
  title = {MABLE: A Framework for Natural Instruction},
  booktitle = {{ AAMAS'09}},
  year = {2009}
  }

@article{arms,
 author = {Wu, Kangheng and Yang, Quiag and Jiang, Yunfei},
 title = {ARMS: an automatic knowledge engineering tool for learning action models for AI planning},
 journal = {K. Eng. Rev.},
 volume = {22},
 number = {2},
 year = {2007},
 issn = {0269-8889},
 pages = {135--152},
 doi = {http://dx.doi.org/10.1017/S0269888907001087},
 publisher = {Cambridge University Press},
 address = {New York, NY, USA},
 }
@INPROCEEDINGS{strips,
  author = {R. Fikes and N.J. Nilsson},
  title = {{STRIPS}: A new approach to the application of theorem proving to
	problem solving},
  booktitle = {Proceedings of AAAI'71},
  year = {1971},
  pages = {608-620}


}


@ARTICLE{bryce-jair,
  author = {D. Bryce and S. Kambhampati and D.E. Smith},
  title = {Planning Graph Heuristics for Belief Space Search},
  journal = {Journal of AI Research},
  year = {2006},
  volume = {26},
  pages = {35-99}
}

@INPROCEEDINGS{cff,
  author = {J. Hoffmann and R. Brafman},
  title = {Conformant Planning via Heuristic Forward Search: A New Approach},
  booktitle = {Proceedings of ICAPS'04},
  year = {2004},
  pages = {355-364}
}

@TECHREPORT{pddl,
  author = {D. McDermott},
  title = {PDDL-the planning domain definition language},
  institution = { Available at: www.cs.yale.edu/homes/dvm},
  year = {1998}
}
@ARTICLE{darwiche,
    author = {Adnan Darwiche and Pierre Marquis},
    title = {A knowledge compilation map},
    journal = {Journal of Artificial Intelligence Research},
    year = {2002},
    volume = {17},
    pages = {229--264}
}
@INPROCEEDINGS{t0,
  author = {H{\'e}ctor Palacios and Hector Geffner},
  title = {Compiling Uncertainty Away: Solving Conformant Planning Problems
	using a Classical Planner (Sometimes).},
  booktitle = {AAAI},
  year = {2006},
 
}
@ARTICLE{ipc,
  author = {Derek Long and Maria Fox},
  title = {The 3rd International Planning Competition: Results and Analysis},
  journal = {Journal of Artificial Intelligence Research},
  year = {2003},
  volume = {20},
  pages = {1-59}
}
@ARTICLE{bryant-ieeetc86,
  author = {R. Bryant},
  title = {Graph-Based Algorithms for {B}oolean Function Manipulation},
  journal = ieeetc,
  year = {1986},
  volume = {C-35},
  pages = {677--691},
  number = {8},
  month = aug,
  key = {Bryant}
}

@inproceedings{robertsonBryce09,
author = {Jared Robertson and Daniel Bryce},
title = {Reachability Heuristics for Planning in Incomplete Domains},
booktitle = {Proceedings of the ICAPS'09 Workshop on Heuristics for Domain Independent Planning},
year = {2009}
}


@INPROCEEDINGS{bonet99planning,
  author = {B. Bonet and H. Geffner},
  title = {Planning as Heuristic Search: New Results},
  booktitle = {{Proceedings of ECP'99}},
  year = {1999},
  key = {Bonet}
}
